
@article{40_years_HWR,
  title={Forty years of research in character and document recognitionâ€”an industrial perspective},
  author={Fujisawa, Hiromichi},
  journal={Pattern Recognition},
  volume={41},
  number={8},
  pages={2435--2446},
  year={2008},
  publisher={Elsevier}
}

@inproceedings{Offline_HWR_RNN,
    year={2014},
    author = {Patrick Doetsch and Michal Kozielski and Hermann Ney},
    title = "Fast and Robust Training of Recurrent Neural Networks for Offline Handwriting Recognition",
    % isbn={978-1-4799-4334-0},
    booktitle={Frontiers in Handwriting Recognition (ICFHR), 2014 14th International Conference on},
    % doi={10.1109/ICFHR.2014.54},
    publisher={IEEE},
}

@article{Offline_HWR_HMM_ANN,
    year={2011},
    month={apr},
    author={S. Espana-Boquera and M.J. Castro-Bleda and J. Gorbe-Moya},
    title={Improving Offline Handwritten Text Recognition with Hybrid HMM/ANN Models},
    journal={IEEE Transactions on Pattern Analysis and Machine Intelligence},
    volume={33},
    number={4},
    % doi={10.1109/TPAMI.2010.141},
    publisher={IEEE},
}

@article{offline_HWR_CNN,
  title={Offline Handwriting Recognition System Using Convolutional Network},
  author={Manoj, Aathira and Borate, Priyanka and Jain, Pankaj and Sanas, Vidya and Pashte, Rupali},
  year={2016},
  journal={IJSRSET},
  volume={2},
  number={2},
%   issn={2394-4099},
}

@article{HWR_survey,
  title={A Survey on Offline Handwriting Recognition Systems},
  author={Manoj, Aathira and Borate, Priyanka and Jain, Pankaj and Sanas, Vidya and Pashte, Rupali},
  year={2016},
  journal={IJSRSET},
  volume={2},
  number={2},
}

@article{HWR_multi_stream_HMM_arabic,
  title={Synchronous Multi-Stream Hidden Markov Model for offline Arabic handwriting recognition without explicit segmentation},
  author={Jayech, Khaoula and Mahjoub, Mohamed Ali and Amara, Najoua Essoukri Ben},
  journal={Neurocomputing},
  volume={214},
  pages={958--971},
  year={2016},
  publisher={Elsevier}
}
