
%% Attention models

@article{DeepMindAttention,
   author = {{Mnih}, V. and {Heess}, N. and {Graves}, A. and {Kavukcuoglu}, K.
	},
    title = "{Recurrent Models of Visual Attention}",
  journal = {ArXiv e-prints},
archivePrefix = "arXiv",
   eprint = {1406.6247},
 primaryClass = "cs.LG",
 keywords = {Computer Science - Learning, Computer Science - Computer Vision and Pattern Recognition, Statistics - Machine Learning},
     year = 2014,
    month = jun,
%   adsurl = {http://adsabs.harvard.edu/abs/2014arXiv1406.6247M},
%   adsnote = {Provided by the SAO/NASA Astrophysics Data System}
}


@article{AttendAndTell,
   author = {{Xu}, K. and {Ba}, J. and {Kiros}, R. and {Cho}, K. and {Courville}, A. and 
	{Salakhutdinov}, R. and {Zemel}, R. and {Bengio}, Y.},
    title = "{Show, Attend and Tell: Neural Image Caption Generation with Visual Attention}",
  journal = {ArXiv e-prints},
archivePrefix = "arXiv",
   eprint = {1502.03044},
 primaryClass = "cs.LG",
 keywords = {Computer Science - Learning, Computer Science - Computer Vision and Pattern Recognition},
     year = 2015,
    month = feb,
%   adsurl = {http://adsabs.harvard.edu/abs/2015arXiv150203044X},
%   adsnote = {Provided by the SAO/NASA Astrophysics Data System}
}

@article{machine_translation_attention,
   author = {{Bahdanau}, D. and {Cho}, K. and {Bengio}, Y.},
    title = "{Neural Machine Translation by Jointly Learning to Align and Translate}",
  journal = {ArXiv e-prints},
archivePrefix = "arXiv",
   eprint = {1409.0473},
 primaryClass = "cs.CL",
 keywords = {Computer Science - Computation and Language, Computer Science - Learning, Computer Science - Neural and Evolutionary Computing, Statistics - Machine Learning},
     year = 2014,
    month = sep,
%   adsurl = {http://adsabs.harvard.edu/abs/2014arXiv1409.0473B},
%   adsnote = {Provided by the SAO/NASA Astrophysics Data System}
}