% Single digit recognition using CNN
@article{lecun_1989,
  title={Backpropagation applied to handwritten zip code recognition},
  author={LeCun, Yann and Boser, Bernhard and Denker, John S and Henderson, Donnie and Howard, Richard E and Hubbard, Wayne and Jackel, Lawrence D},
  journal={Neural computation},
  volume={1},
  number={4},
  pages={541--551},
  year={1989},
  publisher={MIT Press}
}

% Single digit recognition
@inproceedings{lecun_1990,
  title={Handwritten zip code recognition with multilayer networks},
  author={Le Cun, Yann and Matan, Ofer and Boser, B and Denker, John S and Henderson, D and Howard, RE and Hubbard, W and Jacket, LD and Baird, HS},
  booktitle={Pattern Recognition, 1990. Proceedings., 10th International Conference on},
  volume={2},
  pages={35--40},
  year={1990},
  organization={IEEE}
}

% Segment in feature map instead of image
@inproceedings{lecun_multidigit,
  title={Multi-digit recognition using a space displacement neural network},
  author={Matan, Ofer and Burges, Christopher JC and LeCun, Yann and Denker, John S},
  booktitle={NIPS},
  pages={488--495},
  year={1991}
}

% System for US postal service
@article{zipcode_system,
  title={Reading handwritten digits: A zip code recognition system},
  author={Matan, Ofer and Baird, Henry S. and Bromley, Jane and Burges, Christopher J. C. and Denker, John S. and Jackel, Lawrence D. and Le Cun, Yann and Pednault, Edwin P. D. and Satterfield, William D and Stenard, Charles E. and others},
  journal={Computer},
  volume={25},
  number={7},
  pages={59--63},
  year={1992},
  publisher={IEEE}
}

% No explicit segmentation, everything handled by CNN
@article{multidigit_streetview,
  title={Multi-digit number recognition from street view imagery using deep convolutional neural networks},
  author={Goodfellow, Ian J and Bulatov, Yaroslav and Ibarz, Julian and Arnoud, Sacha and Shet, Vinay},
  journal={arXiv preprint arXiv:1312.6082},
  year={2013}
}
