
%% FamilySearch

@online{FamilySearchAbout,
  author = {FamilySearch},
  title = {About FamilySearch},
  year = 2016,
  url = {https://familysearch.org/about},
  urldate = {2016-11-24}
}

@online{Waypointing,
  author = {FamilySearch},
  title = {WikiProject Waypointing},
  year = 2014,
  month = apr,
  url = {https://familysearch.org/wiki/en/FamilySearch_Wiki:WikiProject_Waypointing},
  urldate = {2016-11-24}
}

@online{Indexing,
  author = {FamilySearch},
  title = {FamilySearch Indexing},
  year = 2016,
  month = jul,
  url = {https://familysearch.org/wiki/en/FamilySearch_Indexing},
  urldate = {2016-11-24}
}


@online{Billion,
  author = {Courtney Connolly},
  title = {Thanks A Billion},
  year = 2013,
  month = apr,
  url = {https://familysearch.org/blog/en/billion/},
  urldate = {2016-11-24}
}
