
%% Data

@article{esposalles,
  title={The ESPOSALLES database: An ancient marriage license corpus for off-line handwriting recognition},
  author={Romero, Ver{\'o}nica and Forn{\'e}s, Alicia and Serrano, Nicol{\'a}s and S{\'a}nchez, Joan Andreu and Toselli, Alejandro H and Frinken, Volkmar and Vidal, Enrique and Llad{\'o}s, Josep},
  journal={Pattern Recognition},
  volume={46},
  number={6},
  pages={1658--1669},
  year={2013},
  publisher={Elsevier}
}

% Use URL directly instead.
@online{EsposallesCompetition,
  author={Alicia Forn{\'e}s},
  title={Overview - Information Extraction in Historical Handwritten Records},
  year = 2017,
  url = {http://rrc.cvc.uab.es/?ch=10&com=introduction},
  urldate = {2017-04-12}
}

@article{Tensorflow,
  title={Tensorflow: Large-scale machine learning on heterogeneous distributed systems},
  author={Abadi, Mart{\i}n and Agarwal, Ashish and Barham, Paul and Brevdo, Eugene and Chen, Zhifeng and Citro, Craig and Corrado, Greg S and Davis, Andy and Dean, Jeffrey and Devin, Matthieu and others},
  journal={arXiv preprint arXiv:1603.04467},
  year={2016}
}

@online{GithubAttendAndTell,
  author = {Taeksoo Kim},
  title = {Neural Caption Generator with Attention},
  year = {2015},
  month = {December},
  url = {https://github.com/jazzsaxmafia/show_attend_and_tell.tensorflow},
  urldate = {2016-11-25}
}

% Use MNIST_org below instead!
@misc{MNIST_web,
  title={The MNIST database of handwritten digits},
  author={LeCun, Yann and Cortes, Corinna and Burges, Christopher J C},
  year={1998},
  note={\\ \url{http://yann.lecun.com/exdb/mnist/}}
}

@article{MNIST_orig,
  title={Gradient-based learning applied to document recognition},
  author={LeCun, Yann and Bottou, L{\'e}on and Bengio, Yoshua and Haffner, Patrick},
  journal={Proceedings of the IEEE},
  volume={86},
  number={11},
  pages={2278--2324},
  year={1998},
  publisher={IEEE}
}

@article{MNIST,
  title={The MNIST database of handwritten digit images for machine learning research [best of the web]},
  author={Deng, Li},
  journal={IEEE Signal Processing Magazine},
  volume={29},
  number={6},
  pages={141--142},
  year={2012},
  publisher={IEEE}
}
